@article{Ostrogradsky:1850fid,
    author = "Ostrogradsky, M.",
    title = "{M\'emoires sur les \'equations diff\'erentielles, relatives au probl\`eme des isop\'erim\`etres}",
    journal = "Mem. Acad. St. Petersbourg",
    volume = "6",
    number = "4",
    pages = "385--517",
    year = "1850"
}