@article{Ostrogradsky:1850fid,
    author = "Ostrogradsky, M.",
    title = "{M\'emoires sur les \'equations diff\'erentielles, relatives au probl\`eme des isop\'erim\`etres}",
    journal = "Mem. Acad. St. Petersbourg",
    volume = "6",
    number = "4",
    pages = "385--517",
    year = "1850"
}

@book{Schwichtenberg:2018dri,
    author = "Schwichtenberg, Jakob",
    title = "{Physics from Symmetry}",
    doi = "10.1007/978-3-319-66631-0",
    isbn = "978-3-319-66630-3, 978-3-319-66631-0",
    publisher = "Springer International Publishing",
    address = "Cham",
    series = "Undergraduate Lecture Notes in Physics",
    year = "2018"
}